@article{sujata2018facial,
  title={Facial emotion detection technology: concept, marketing applications, business drivers and challenges},
  author={Sujata, Joshi and Madhavi, Damle and Vishal, Kumar},
  journal={International Journal of Engineering \& Technology},
  volume={7},
  number={1.9},
  pages={149--156},
  year={2018}
}
@book{mandal2014understanding,
  title={Understanding facial expressions in communication: Cross-cultural and multidisciplinary perspectives},
  author={Mandal, Manas K and Awasthi, Avinash},
  year={2014},
  publisher={Springer}
}
@article{sumathi2012automatic,
  title={Automatic facial expression analysis a survey},
  author={Sumathi, CP and Santhanam, T and Mahadevi, M},
  journal={International Journal of Computer Science and Engineering Survey},
  volume={3},
  number={6},
  pages={47},
  year={2012},
  publisher={Academy \& Industry Research Collaboration Center (AIRCC)}
}
@article{schrader2020linking,
  title={Linking student's emotions to engagement and writing performance when learning Japanese letters with a pen-based tablet: An investigation based on individual pen pressure parameters},
  author={Schrader, Claudia and Kalyuga, Slava},
  journal={International Journal of Human-Computer Studies},
  volume={135},
  pages={102374},
  year={2020},
  publisher={Elsevier}
}
@incollection{wagh2019electroencephalograph,
  title={Electroencephalograph ({EEG}) based emotion recognition system: A review},
  author={Wagh, Kalyani P and Vasanth, K},
  booktitle={Innovations in Electronics and Communication Engineering},
  pages={37--59},
  year={2019},
  publisher={Springer}
}
@inproceedings{lv2008emotion,
  title={Emotion recognition based on pressure sensor keyboards},
  author={Lv, Hai-Rong and Lin, Zhong-Lin and Yin, Wen-Jun and Dong, Jin},
  booktitle={2008 IEEE International Conference on Multimedia and Expo},
  pages={1089--1092},
  year={2008},
  organization={IEEE}
}
@article{avots2019audiovisual,
  title={Audiovisual emotion recognition in wild},
  author={Avots, Egils and Sapi{\'n}ski, Tomasz and Bachmann, Maie and Kami{\'n}ska, Dorota},
  journal={Machine Vision and Applications},
  volume={30},
  number={5},
  pages={975--985},
  year={2019},
  publisher={Springer}
}
@article{li2019fusion,
  title={The Fusion of Electroencephalography and Facial Expression for Continuous Emotion Recognition},
  author={Li, Dahua and Wang, Zhe and Wang, Chuhan and Liu, Shuang and Chi, Wenhao and Dong, Enzeng and Song, Xiaolin and Gao, Qiang and Song, Yu},
  journal={IEEE Access},
  volume={7},
  pages={155724--155736},
  year={2019},
  publisher={IEEE}
}
@article{mittal2019m3er,
  title={{M3ER}: Multiplicative Multimodal Emotion Recognition Using Facial, Textual, and Speech Cues},
  author={Mittal, Trisha and Bhattacharya, Uttaran and Chandra, Rohan and Bera, Aniket and Manocha, Dinesh},
  journal={arXiv preprint arXiv:1911.05659},
  year={2019}
}
@inproceedings{gibert2010role,
  title={Role of form and motion information in auditory-visual speech perception of McGurk combinations and fusions},
  author={Gibert, Guillaume and Fordyce, Andrew and Stevens, Catherine J},
  booktitle={Auditory-Visual Speech Processing 2010},
  year={2010}
}
@article{wolf2015measuring,
  title={Measuring facial expression of emotion},
  author={Wolf, Karsten},
  journal={Dialogues in clinical neuroscience},
  volume={17},
  number={4},
  pages={457},
  year={2015},
  publisher={Les Laboratoires Servier}
}
@book{ekman1997face,
  title={What the face reveals: Basic and applied studies of spontaneous expression using the Facial Action Coding System ({FACS})},
  author={Ekman, Rosenberg},
  year={1997},
  publisher={Oxford University Press, USA}
}
@inproceedings{valstar2006fully,
  title={Fully automatic facial action unit detection and temporal analysis},
  author={Valstar, Michel and Pantic, Maja},
  booktitle={2006 Conference on Computer Vision and Pattern Recognition Workshop ({CVPRW'06})},
  pages={149--149},
  year={2006},
  organization={IEEE}
}
@article{georgescu2019local,
  title={Local learning with deep and handcrafted features for facial expression recognition},
  author={Georgescu, Mariana-Iuliana and Ionescu, Radu Tudor and Popescu, Marius},
  journal={IEEE Access},
  volume={7},
  pages={64827--64836},
  year={2019},
  publisher={IEEE}
}
@article{agrawal2020using,
  title={Using CNN for facial expression recognition: a study of the effects of kernel size and number of filters on accuracy},
  author={Agrawal, Abhinav and Mittal, Namita},
  journal={The Visual Computer},
  volume={36},
  number={2},
  pages={405--412},
  year={2020},
  publisher={Springer}
}
@inproceedings{engin2018face,
  title={Face Frontalization for Cross-Pose Facial Expression Recognition},
  author={Engin, Deniz and Ecabert, Christophe and Ekenel, Hazim Kemal and Thiran, Jean-Philippe},
  booktitle={2018 26th European Signal Processing Conference ({EUSIPCO})},
  pages={1795--1799},
  year={2018},
  organization={IEEE}
}
@article{gabor1946theory,
  title={Theory of communication. Part 1: The analysis of information},
  author={Gabor, Dennis},
  journal={Journal of the Institution of Electrical Engineers-Part III: Radio and Communication Engineering},
  volume={93},
  number={26},
  pages={429--441},
  year={1946},
  publisher={IET}
}
@article{daugman1985uncertainty,
  title={Uncertainty relation for resolution in space, spatial frequency, and orientation optimized by two-dimensional visual cortical filters},
  author={Daugman, John G},
  journal={JOSA A},
  volume={2},
  number={7},
  pages={1160--1169},
  year={1985},
  publisher={Optical Society of America}
}
@misc{grigorescu20062,
  title={2-D Gabor function--interactive visualization},
  author={Grigorescu, C and Petkov, N},
  year={2006}
}
